@book{nielsen2010quantum,
  title={Quantum computation and quantum information},
  author={Nielsen, Michael A and Chuang, Isaac L},
  year={2010},
  publisher={Cambridge university press}
}

@article{vidal2007entanglement,
  title={Entanglement renormalization},
  author={Vidal, Guifre},
  journal={Physical review letters},
  volume={99},
  number={22},
  pages={220405},
  year={2007},
  publisher={APS},
  doi={10.1103/PhysRevLett.99.220405}
}

@article{verstraete2004renormalization,
  title={Renormalization algorithms for quantum-many body systems in two and higher dimensions},
  author={Verstraete, Frank and Cirac, J Ignacio},
  journal={arXiv preprint cond-mat/0407066},
  year={2004}
}

@article{levin2007tensor,
  title={Tensor renormalization group approach to two-dimensional classical lattice models},
  author={Levin, Michael and Nave, Cody P},
  journal={Physical review letters},
  volume={99},
  number={12},
  pages={120601},
  year={2007},
  publisher={APS},
  doi={10.1103/physrevlett.99.120601}
}

@article{verstraete2006matrix,
  title={Matrix product states represent ground states faithfully},
  author={Verstraete, Frank and Cirac, J Ignacio},
  journal={Physical Review Bâ€”Condensed Matter and Materials Physics},
  volume={73},
  number={9},
  pages={094423},
  year={2006},
  publisher={APS},
  doi={10.1103/physrevb.73.094423}
}

@article{wilson1983renormalization,
  title={The renormalization group and critical phenomena},
  author={Wilson, Kenneth G},
  journal={Reviews of Modern Physics},
  volume={55},
  number={3},
  pages={583},
  year={1983},
  publisher={APS},
  doi={10.1103/RevModPhys.55.583}
}

@article{krishna1980renormalization,
  title={Renormalization-group approach to the Anderson model of dilute magnetic alloys. I. Static properties for the symmetric case},
  author={Krishna-Murthy, HR and Wilkins, JW and Wilson, KG},
  journal={Physical Review B},
  volume={21},
  number={3},
  pages={1003},
  year={1980},
  publisher={APS},
  doi={10.1103/physrevb.21.1003}
}

@article{penrose1971angular,
  title={Angular momentum: an approach to combinatorial space-time},
  author={Penrose, Roger},
  journal={Quantum theory and beyond},
  volume={151},
  year={1971},
  publisher={Citeseer}
}

@book{townsend2000modern,
  title={A modern approach to quantum mechanics},
  author={Townsend, John S},
  year={2000},
  publisher={University Science Books (Sausalito, California)},
  doi={10.1119/1.17394}
}


@article{baker2024bundled,
  title={Bundled matrix product states represent low-energy excitations faithfully},
  author={Baker, Thomas E and Seif, Negar},
  journal={Journal of Physics A: Mathematical and Theoretical},
  volume={57},
  number={39},
  pages={395306},
  year={2024},
  publisher={IOP Publishing},
  doi={10.1088/1751-8121/ad770f}
}

@article{bakerCJP21,
  title={{M{\'e}thodes de calcul avec r{\'e}seaux de tenseurs en physique}},
  author={Baker, Thomas E and Desrosiers, Samuel and Tremblay, Maxime and Thompson, Martin P},
  journal={Canadian Journal of Physics},
  volume={99},
  pages={4},
  year={2021},
  doi={10.1139/cjp-2019-0611}
}



@article{baker2019m,
  title={Basic tensor network computations in physics},
  author={Baker, Thomas E and Desrosiers, Samuel and Tremblay, Maxime and Thompson, Martin P},
  journal={arXiv preprint arXiv:1911.11566, p.~20},
  year={2019}
}

@misc{dmrgenie,
title = {{DMRGenie}},
howpublished = {\url{https://dmrgenie.rs.uvic.ca/}},
author={Gallagher, Kiana and Dayton, Aaron and Baker, Thomas E.}
}


@article{dmrjulia1,
  title={{DMRjulia I. Basic construction of a tensor network library for the density matrix renormalization group}},
  author={Baker, Thomas E and Thompson, Martin P},
  journal={arXiv preprint arXiv:2109.03120},
  year={2021}
}

@article{press1992numerical,
  title={Numerical recipes in C++},
  author={Press, William H and Teukolsky, Saul A and Vetterling, William T and Flannery, Brian P},
  journal={The art of scientific computing},
  year={1992},
  doi={10.1088/0143-0807/24/3/701}
}

@book{fradkin2013field,
  title={Field theories of condensed matter physics},
  author={Fradkin, Eduardo},
  year={2013},
  publisher={Cambridge University Press}
}

@misc{dmrjulia,
author =   {Baker, Thomas E.},
title =    {{DMRjulia}},
howpublished = {\url{https://github.com/bakerte/DMRJtensor.jl}},
  date = {2020-27-19},
  year={2020}
}

@misc{tenpack,
author =   {Baker, Thomas E.},
title =    {{TENPACK}},
howpublished = {\url{https://github.com/bakerte/TensorPACK.jl}},
  date = {2020-27-19},
  year={2020}
}
